<collection xmlns="http://www.loc.gov/MARC21/slim"><record><leader>00812nam  2200229   450</leader><controlfield tag="001">196</controlfield><controlfield tag="003">http://montalegre.opacnet.com/OPAC/default.aspx?ContentAreaControl=ShowRegHoldings.ascx&amp;RegNo=16662</controlfield><datafield tag="095" ind1=" " ind2=" "><subfield code="a">PTBN00772963</subfield></datafield><datafield tag="100" ind1=" " ind2=" "><subfield code="a">19951003d1968    m  y0pory010305  ba</subfield></datafield><datafield tag="101" ind1="1" ind2=" "><subfield code="a">por</subfield></datafield><datafield tag="102" ind1=" " ind2=" "><subfield code="a">PT</subfield></datafield><datafield tag="200" ind1="1" ind2=" "><subfield code="a">3 contistas russos contemporâneos</subfield><subfield code="f">Mikail Cholokov, Iliya Ehrenbourg e Isaac Babel</subfield><subfield code="g">trad. J. Soares da Costa</subfield></datafield><datafield tag="210" ind1=" " ind2=" "><subfield code="a">Lisboa</subfield><subfield code="c">Portugália</subfield><subfield code="d">1968</subfield></datafield><datafield tag="215" ind1=" " ind2=" "><subfield code="a">150 p., 1 f</subfield><subfield code="d">17 cm</subfield></datafield><datafield tag="225" ind1="2" ind2=" "><subfield code="a">Livro de bolso</subfield><subfield code="v">100</subfield></datafield><datafield tag="675" ind1=" " ind2=" "><subfield code="a">821</subfield><subfield code="v">BN</subfield><subfield code="z">por</subfield></datafield><datafield tag="700" ind1=" " ind2="1"><subfield code="a">Cholokhov</subfield><subfield code="b">Mikail</subfield><subfield code="f">1905-1984</subfield></datafield><datafield tag="701" ind1=" " ind2="1"><subfield code="a">Ehrenburg</subfield><subfield code="b">Ilya</subfield><subfield code="f">1891-1967</subfield><subfield code="4">070</subfield></datafield><datafield tag="701" ind1=" " ind2="1"><subfield code="a">Babel</subfield><subfield code="b">Isaak</subfield><subfield code="f">1894-1941</subfield><subfield code="4">070</subfield></datafield><datafield tag="702" ind1=" " ind2="1"><subfield code="a">Costa</subfield><subfield code="b">J. Soares da</subfield><subfield code="4">730</subfield></datafield><datafield tag="801" ind1=" " ind2="0"><subfield code="a">PT</subfield><subfield code="b">Biblioteca Municipal de Montalegre</subfield><subfield code="g">RPC</subfield></datafield><datafield tag="856" ind1=" " ind2=" "><subfield code="u">locateMedia.asp?cod=20060510101930&amp;ext=jpg</subfield><subfield code="z">CAPA</subfield></datafield><datafield tag="909" ind1="&#9;" ind2=" "><subfield code="a">1</subfield></datafield><datafield tag="966" ind1=" " ind2=" "><subfield code="a">0011876</subfield><subfield code="l">BMM</subfield><subfield code="s">SCG 821 CHO con 100</subfield></datafield></record></collection>